@misc{cit:bazarevsky2020,
  title         = {BlazePose: On-device Real-time Body Pose tracking},
  author        = {Valentin Bazarevsky and Ivan Grishchenko and Karthik Raveendran and Tyler Zhu and Fan Zhang and Matthias Grundmann},
  year          = {2020},
  eprint        = {2006.10204},
  archivePrefix = {arXiv},
  primaryClass  = {cs.CV}
}

@article{cit:blatnicky2020,
  author  = {M. {Blatnický} and J. {Dižo} and J. {Gerlici} and M. {Sága} and T. {Lack} and E. {Kuba}},
  journal = {International Journal of Advanced Robotic Systems},
  title   = {Design of a robotic manipulator for handling products of automotive industry},
  year    = {2020},
  volume  = {17},
  number  = {1},
  doi     = {10.1177/1729881420906290}
}

@article{cit:brockman2016,
  author  = {G. {Brockman} and  V. {Cheung} and L. {Pettersson} and J. {Schneider} and J. {Schulman} and J. {Tang} and W. {Zaremba}},
  journal = {arXiv preprint arXiv:1606.01540},
  title   = {OpenAI Gym},
  year    = {2016}
}

@inproceedings{cit:castellote2003,
  author    = {G. {Pardo-Castellote}},
  booktitle = {23rd International Conference on Distributed Computing Systems Workshops, 2003. Proceedings.},
  title     = {OMG Data-Distribution Service: architectural overview},
  year      = {2003},
  pages     = {200-206},
  doi       = {10.1109/ICDCSW.2003.1203555}
}

@inproceedings{cit:choi2015,
  author    = {Choi, Hyundo and Lee, Younbaek and Lee, Minhyung and Kim, Jeonghun and Shim, Youngbo},
  booktitle = {2015 37th Annual International Conference of the IEEE Engineering in Medicine and Biology Society (EMBC)},
  title     = {A Wearable Virtual Chair with the Passive Stability Assist},
  year      = {2015},
  pages     = {3897-3900},
  doi       = {10.1109/EMBC.2015.7319245}
}

@article{cit:dikairono2020,
  author  = "R. {Dikairono} and {Setiawardhana} and D. {Purwanto} and T. A. {Sardjono}",
  journal = "International Journal of Intelligent Engineering and Systems",
  title   = "CNN-Based Self Localization Using Visual Modelling of a Gyrocompass Line Mark and Omni-Vision Image for a Wheeled Soccer Robot Application",
  year    = "2020",
  doi     = "10.22266/ijies2020.1231.39"
}

@inproceedings{cit:erickson2020,
  author    = {Z. {Erickson} and V. {Gangaram} and A. {Kapusta} and C. K. {Liu} and C. C. {Kemp}},
  booktitle = {2020 IEEE International Conference on Robotics and Automation (ICRA)},
  title     = {Assistive Gym: A Physics Simulation Framework for Assistive Robotics},
  year      = {2020},
  pages     = {10169-10176},
  doi       = {10.1109/ICRA40945.2020.9197411}
}

@article{cit:gerkey2003,
  author  = {B. {Gerkey} and R. {Vaughan} and A. {Howard}},
  journal = {Proceedings of the International Conference on Advanced Robotics},
  title   = {The Player/Stage Project: Tools for Multi-Robot and Distributed Sensor Systems},
  year    = {2003}
}

@article{cit:goncalves2009,
  author  = {P. {Gonçalves} and P. {Torres} and C. {Alves} and F. {Mondada} and  M. {Bonani} and X. {Raemy} and J. {Pugh} and C. {Cianci} and A. {Klaptocz} and S. {Magnenat} and J. {Zufferey} and D. {Floreano} and A. {Martinoli}},
  journal = {Proceedings of the 9th Conference on Autonomous Robot Systems and Competitions},
  title   = {The e-puck, a Robot Designed for Education in Engineering},
  year    = {2009},
  volume  = {1}
}

@inproceedings{cit:heerink2010,
  author    = {M. {Heerink} and B. {Kröse} and V. {Evers} and B. {Wielinga}},
  booktitle = {International Journal of Social Robotics},
  title     = {Assessing Acceptance of Assistive Social Agent Technology by Older Adults: the Almere Model},
  year      = {2010},
  pages     = {361–375},
  doi       = {10.1007/s12369-010-0068-5}
}

@inproceedings{cit:kim2004,
  author    = {Kim, A. and Golnaraghi, M.F.},
  booktitle = {PLANS 2004. Position Location and Navigation Symposium (IEEE Cat. No.04CH37556)},
  title     = {A quaternion-based orientation estimation algorithm using an inertial measurement unit},
  year      = {2004},
  pages     = {268-272},
  doi       = {10.1109/PLANS.2004.1309003}
}

@inproceedings{cit:koenig2004,
  author    = {N. {Koenig} and A. {Howard}},
  booktitle = {2004 IEEE/RSJ International Conference on Intelligent Robots and Systems (IROS) (IEEE Cat. No.04CH37566)},
  title     = {Design and use paradigms for Gazebo, an open-source multi-robot simulator},
  year      = {2004},
  volume    = {3},
  pages     = {2149-2154 vol.3},
  doi       = {10.1109/IROS.2004.1389727}
}

@article{cit:labbe2019,
  author  = {Labbé, Mathieu and Michaud, François},
  title   = {RTAB-Map as an open-source lidar and visual simultaneous localization and mapping library for large-scale and long-term online operation},
  journal = {Journal of Field Robotics},
  volume  = {36},
  number  = {2},
  pages   = {416-446},
  doi     = {https://doi.org/10.1002/rob.21831},
  url     = {https://onlinelibrary.wiley.com/doi/abs/10.1002/rob.21831},
  eprint  = {https://onlinelibrary.wiley.com/doi/pdf/10.1002/rob.21831},
  year    = {2019}
}

@misc{cit:lugaresi2019,
  title   = {MediaPipe: A Framework for Building Perception Pipelines},
  author  = {Camillo Lugaresi and Jiuqiang Tang and Hadon Nash and Chris McClanahan and Esha Uboweja and Michael Hays and Fan Zhang and Chuo-Ling Chang and Ming Guang Yong and Juhyun Lee and Wan-Teh Chang and Wei Hua and Manfred Georg and Matthias Grundmann},
  year    = {2019},
}

@inproceedings{cit:maruyama2016,
  author    = {Y. {Maruyama} and S. {Kato} and T. {Azumi}},
  booktitle = {2016 International Conference on Embedded Software (EMSOFT)},
  title     = {Exploring the performance of ROS2},
  year      = {2016},
  pages     = {1-10},
  doi       = {10.1145/2968478.2968502}
}

@article{cit:michel2004,
  author  = {O. {Michel}},
  journal = {International Journal of Advanced Robotic Systems},
  title   = {Cyberbotics Ltd. Webots™: Professional Mobile Robot Simulation},
  year    = {2004},
  volume  = {1},
  number  = {1},
  pages   = {5},
  doi     = {10.5772/5618}
}

@article{cit:mohamed2012,
  author  = "Z. {Mohamed} and G. {Capi}",
  journal = "Procedia Engineering",
  title   = "Development of a New Mobile Humanoid Robot for Assisting Elderly People",
  year    = "2012",
  volume  = "41",
  pages   = "345 - 351",
  doi     = "10.1016/j.proeng.2012.07.183"
}

@inproceedings{cit:muhtadin2019,
  author    = {M. {Muhtadin} and M. {Arrazi} and S. {Ali} and T. {Pratama} and D. {Wicaksono} and A. {Putra} and I. {Ari} and A. {Maulana} and O. {Bramastyo} and S. {Asshakina} and M. {Attamimi} and M. {Arifin} and M. {Hery Purnomo} and D. {Purwanto}},
  booktitle = {RoboCup 2018: Robot World Cup XXII},
  title     = {Ichiro Robots Winning RoboCup 2018 Humanoid TeenSize Soccer Competitions},
  year      = {2019},
  pages     = {425-435},
  doi       = {10.1007/978-3-030-27544-0_35}
}

@article{cit:oliveira2008,
  author  = {H. {Oliveira} and A. {Sousa} and A. {Moreira} and P. {Costa}},
  journal = {ICINCO 2008 - Proceedings of the 5th International Conference on Informatics in Control, Automation and Robotics},
  title   = {Dynamical Models for Omni-directional Robots with 3 and 4 Wheels},
  year    = {2008},
  volume  = {1}
}

@article{cit:quigley2009,
  author  = {M. {Quigley} and K. {Conley} and B. {Gerkey} and J. {Faust} and T. {Foote} and J. {Leibs} and R. {Wheeler} and A. {Ng}},
  journal = {ICRA Workshop on Open Source Software},
  title   = {ROS: an open-source Robot Operating System},
  year    = {2009},
  volume  = {3}
}

@article{cit:rich2009,
  author  = {C. {Rich} and C. L. {Sidner}},
  journal = {AI Magazine},
  title   = {Robots and Avatars as Hosts, Advisors, Companions, and Jesters},
  year    = {2009},
  volume  = {30},
  number  = {1},
  pages   = {29},
  doi     = {10.1609/aimag.v30i1.2765}
}

@inproceedings{cit:rohmer2013,
  author    = {E. {Rohmer} and S. P. N. {Singh} and M. {Freese}},
  booktitle = {2013 IEEE/RSJ International Conference on Intelligent Robots and Systems},
  title     = {V-REP: A versatile and scalable robot simulation framework},
  year      = {2013},
  pages     = {1321-1326},
  doi       = {10.1109/IROS.2013.6696520}
}

@inproceedings{cit:schlesselman2004,
  author    = {J. M. {Schlesselman} and G. {Pardo-Castellote} and B. {Farabaugh}},
  booktitle = {IEEE MILCOM 2004. Military Communications Conference, 2004.},
  title     = {OMG data-distribution service (DDS): architectural update},
  year      = {2004},
  volume    = {2},
  pages     = {961-967 Vol. 2},
  doi       = {10.1109/MILCOM.2004.1494965}
}

@inproceedings{cit:seifer2005,
  author    = {D. {Feil-Seifer} and M. J. {Mataric}},
  booktitle = {9th International Conference on Rehabilitation Robotics, 2005. ICORR 2005.},
  title     = {Defining socially assistive robotics},
  year      = {2005},
  pages     = {465-468},
  doi       = {10.1109/ICORR.2005.1501143}
}

@inproceedings{cit:takaya2016,
  author    = {K. {Takaya} and T. {Asai} and V. {Kroumov} and F. {Smarandache}},
  booktitle = {2016 20th International Conference on System Theory, Control and Computing (ICSTCC)},
  title     = {Simulation environment for mobile robots testing using ROS and Gazebo},
  year      = {2016},
  pages     = {96-101},
  doi       = {10.1109/ICSTCC.2016.7790647}
}

@inproceedings{cit:zanuar2019,
  author    = {Muhtadin and Zanuar, Raden Marwan and Purnama, I Ketut Eddy and Purnomo, Mauridhi Hery},
  booktitle = {2019 International Conference on Computer Engineering, Network, and Intelligent Multimedia (CENIM)},
  title     = {Autonomous Navigation and Obstacle Avoidance For Service Robot},
  year      = {2019},
  pages     = {1-8},
  doi       = {10.1109/CENIM48368.2019.8973360}
}

@misc{url:connextdds,
  title   = {Software System Integration with Connext DDS Professional | RTI},
  year    = {2021},
  url     = {https://www.rti.com/products/connext-dds-professional},
  urldate = {2021-06-15}
}

@misc{url:cyclonedds,
  title   = {Eclipse Cyclone DDS | projects.eclipse.org},
  year    = {2021},
  url     = {https://projects.eclipse.org/projects/iot.cyclonedds},
  urldate = {2021-06-15}
}

@misc{url:fastdds,
  title   = {eProsima Fast DDS},
  year    = {2021},
  url     = {https://www.eprosima.com/index.php/products-all/eprosima-fast-dds},
  urldate = {2021-06-15}
}

@misc{url:gazeboexample,
  title   = {Simulating Moose — Moose Tutorials 0.0.2 documentation},
  year    = {2021},
  url     = {http://www.clearpathrobotics.com/assets/guides/kinetic/moose/MooseSimulation.html},
  urldate = {2021-06-15}
}

@misc{url:gazeboplugin,
  title   = {Gazebo  : Tutorial : Plugins 101},
  year    = {2021},
  url     = {http://gazebosim.org/tutorials/?tut=plugins_hello_world},
  urldate = {2021-06-28}
}

@misc{url:qtframework,
  title   = {Qt, Cross-platform software development for embedded and desktop},
  year    = {2021},
  url     = {https://www.qt.io/},
  urldate = {2021-06-28}
}

@misc{url:ros2cliintrospection,
  title   = {Introspection with command line tools — ROS 2 Documentation: Foxy  documentation},
  year    = {2021},
  url     = {https://docs.ros.org/en/foxy/Concepts/About-Command-Line-Tools.html},
  urldate = {2021-06-28}
}

@misc{url:rclconcept,
  title   = {ROS 2 Client Interfaces (Client Libraries) — ROS 2 Documentation: Foxy  documentation},
  year    = {2021},
  url     = {https://docs.ros.org/en/foxy/Concepts/About-Client-Interfaces.html},
  urldate = {2021-06-15}
}

@misc{url:rclnodejs,
  title   = {rclnodejs  -  npm},
  year    = {2021},
  url     = {https://www.npmjs.com/package/rclnodejs},
  urldate = {2021-06-15}
}

@misc{url:rmwdesign,
  title   = {ROS 2 middleware interface},
  year    = {2021},
  url     = {https://design.ros2.org/articles/ros_middleware_interface.html},
  urldate = {2021-06-15}
}

@misc{url:ros2interface,
  title   = {About ROS 2 interfaces — ROS 2 Documentation: Foxy  documentation},
  year    = {2021},
  url     = {https://docs.ros.org/en/foxy/Concepts/About-ROS-Interfaces.html},
  urldate = {2021-06-15}
}

@misc{url:ros2interfacesconcept,
  title   = {About internal ROS 2 interfaces — ROS 2 Documentation: Foxy  documentation},
  year    = {2021},
  url     = {https://docs.ros.org/en/foxy/Concepts/About-Internal-Interfaces.html},
  urldate = {2021-06-15}
}

@misc{url:rqtgraphexample,
  title   = {rqt graph - Visualize and Debug Your ROS Graph - The Robotics Back-End},
  year    = {2021},
  url     = {https://roboticsbackend.com/rqt-graph-visualize-and-debug-your-ros-graph/},
  urldate = {2021-06-28}
}

@misc{url:rqtoverview,
  title   = {Overview and usage of RQt — ROS 2 Documentation: Foxy  documentation},
  year    = {2021},
  url     = {https://docs.ros.org/en/foxy/Concepts/About-RQt.html},
  urldate = {2021-06-28}
}

@misc{url:understandingros2actions,
  title   = {Understanding ROS 2 actions — ROS 2 Documentation: Foxy  documentation},
  year    = {2021},
  url     = {https://docs.ros.org/en/foxy/Tutorials/Understanding-ROS2-Actions.html},
  urldate = {2021-06-28}
}

@misc{url:understandingros2nodes,
  title   = {Understanding ROS 2 nodes — ROS 2 Documentation: Foxy  documentation},
  year    = {2021},
  url     = {https://index.ros.org/doc/ros2/Tutorials/Understanding-ROS2-Nodes/},
  urldate = {2021-06-28}
}

@misc{url:video4linux,
  title   = {Linux Kernel Media Documentation — The Linux Kernel  documentation},
  year    = {2021},
  url     = {https://linuxtv.org/downloads/v4l-dvb-apis-new/index.html},
  urldate = {2021-07-02}
}
@misc{sft:libfreenect2,
  author    = {Lingzhu Xiang and Florian Echtler and Christian Kerl and Thiemo Wiedemeyer and Lars and hanyazou and Ryan Gordon and Francisco Facioni and laborer2008 and Rich Wareham and Matthias Goldhoorn and alberth and gaborpapp and Steffen Fuchs and jmtatsch and Joshua Blake and Federico and Henning Jungkurth and Yuan Mingze and vinouz and Dave Coleman and Brendan Burns and Rahul Rawat and Serguei Mokhov and Paul Reynolds and P.E. Viau and Matthieu Fraissinet-Tachet and Ludique and James Billingham and Alistair},
  title     = {libfreenect2: Release 0.2},
  month     = apr,
  year      = 2016,
  publisher = {Zenodo},
  version   = {v0.2},
  doi       = {10.5281/zenodo.50641},
  url       = {https://doi.org/10.5281/zenodo.50641}
}
