@article{cit:blatnicky2020,
  author  = {M. {Blatnický} and J. {Dižo} and J. {Gerlici} and M. {Sága} and T. {Lack} and E. {Kuba}},
  journal = {International Journal of Advanced Robotic Systems},
  title   = {Design of a robotic manipulator for handling products of automotive industry},
  year    = {2020},
  volume  = {17},
  number  = {1},
  doi     = {10.1177/1729881420906290}
}

@article{cit:brockman2016,
  author  = {G. {Brockman} and  V. {Cheung} and L. {Pettersson} and J. {Schneider} and J. {Schulman} and J. {Tang} and W. {Zaremba}},
  journal = {arXiv preprint arXiv:1606.01540},
  title   = {OpenAI Gym},
  year    = {2016}
}

@inproceedings{cit:castellote2003,
  author    = {G. {Pardo-Castellote}},
  booktitle = {23rd International Conference on Distributed Computing Systems Workshops, 2003. Proceedings.},
  title     = {OMG Data-Distribution Service: architectural overview},
  year      = {2003},
  pages     = {200-206},
  doi       = {10.1109/ICDCSW.2003.1203555}
}

@inproceedings{cit:erickson2020,
  author    = {Z. {Erickson} and V. {Gangaram} and A. {Kapusta} and C. K. {Liu} and C. C. {Kemp}},
  booktitle = {2020 IEEE International Conference on Robotics and Automation (ICRA)},
  title     = {Assistive Gym: A Physics Simulation Framework for Assistive Robotics},
  year      = {2020},
  pages     = {10169-10176},
  doi       = {10.1109/ICRA40945.2020.9197411}
}

@article{cit:gerkey2003,
  author  = {B. {Gerkey} and R. {Vaughan} and A. {Howard}},
  journal = {Proceedings of the International Conference on Advanced Robotics},
  title   = {The Player/Stage Project: Tools for Multi-Robot and Distributed Sensor Systems},
  year    = {2003}
}

@article{cit:goncalves2009,
  author  = {P. {Gonçalves} and P. {Torres} and C. {Alves} and F. {Mondada} and  M. {Bonani} and X. {Raemy} and J. {Pugh} and C. {Cianci} and A. {Klaptocz} and S. {Magnenat} and J. {Zufferey} and D. {Floreano} and A. {Martinoli}},
  journal = {Proceedings of the 9th Conference on Autonomous Robot Systems and Competitions},
  title   = {The e-puck, a Robot Designed for Education in Engineering},
  year    = {2009},
  volume  = {1}
}

@inproceedings{cit:heerink2010,
  author    = {M. {Heerink} and B. {Kröse} and V. {Evers} and B. {Wielinga}},
  booktitle = {International Journal of Social Robotics},
  title     = {Assessing Acceptance of Assistive Social Agent Technology by Older Adults: the Almere Model},
  year      = {2010},
  pages     = {361–375},
  doi       = {10.1007/s12369-010-0068-5}
}

@inproceedings{cit:koenig2004,
  author    = {N. {Koenig} and A. {Howard}},
  booktitle = {2004 IEEE/RSJ International Conference on Intelligent Robots and Systems (IROS) (IEEE Cat. No.04CH37566)},
  title     = {Design and use paradigms for Gazebo, an open-source multi-robot simulator},
  year      = {2004},
  volume    = {3},
  pages     = {2149-2154 vol.3},
  doi       = {10.1109/IROS.2004.1389727}
}

@inproceedings{cit:maruyama2016,
  author    = {Y. {Maruyama} and S. {Kato} and T. {Azumi}},
  booktitle = {2016 International Conference on Embedded Software (EMSOFT)},
  title     = {Exploring the performance of ROS2},
  year      = {2016},
  pages     = {1-10},
  doi       = {10.1145/2968478.2968502}
}

@article{cit:michel2004,
  author  = {O. {Michel}},
  journal = {International Journal of Advanced Robotic Systems},
  title   = {Cyberbotics Ltd. Webots™: Professional Mobile Robot Simulation},
  year    = {2004},
  volume  = {1},
  number  = {1},
  pages   = {5},
  doi     = {10.5772/5618}
}

@article{cit:quigley2009,
  author  = {M. {Quigley} and K. {Conley} and B. {Gerkey} and J. {Faust} and T. {Foote} and J. {Leibs} and R. {Wheeler} and A. {Ng}},
  journal = {ICRA Workshop on Open Source Software},
  title   = {ROS: an open-source Robot Operating System},
  year    = {2009},
  volume  = {3}
}

@article{cit:rich2009,
  author  = {C. {Rich} and C. L. {Sidner}},
  journal = {AI Magazine},
  title   = {Robots and Avatars as Hosts, Advisors, Companions, and Jesters},
  year    = {2009},
  volume  = {30},
  number  = {1},
  pages   = {29},
  doi     = {10.1609/aimag.v30i1.2765}
}

@inproceedings{cit:rohmer2013,
  author    = {E. {Rohmer} and S. P. N. {Singh} and M. {Freese}},
  booktitle = {2013 IEEE/RSJ International Conference on Intelligent Robots and Systems},
  title     = {V-REP: A versatile and scalable robot simulation framework},
  year      = {2013},
  pages     = {1321-1326},
  doi       = {10.1109/IROS.2013.6696520}
}

@inproceedings{cit:schlesselman2004,
  author    = {J. M. {Schlesselman} and G. {Pardo-Castellote} and B. {Farabaugh}},
  booktitle = {IEEE MILCOM 2004. Military Communications Conference, 2004.},
  title     = {OMG data-distribution service (DDS): architectural update},
  year      = {2004},
  volume    = {2},
  pages     = {961-967 Vol. 2},
  doi       = {10.1109/MILCOM.2004.1494965}
}

@inproceedings{cit:seifer2005,
  author    = {D. {Feil-Seifer} and M. J. {Mataric}},
  booktitle = {9th International Conference on Rehabilitation Robotics, 2005. ICORR 2005.},
  title     = {Defining socially assistive robotics},
  year      = {2005},
  pages     = {465-468},
  doi       = {10.1109/ICORR.2005.1501143}
}

@inproceedings{cit:takaya2016,
  author    = {K. {Takaya} and T. {Asai} and V. {Kroumov} and F. {Smarandache}},
  booktitle = {2016 20th International Conference on System Theory, Control and Computing (ICSTCC)},
  title     = {Simulation environment for mobile robots testing using ROS and Gazebo},
  year      = {2016},
  pages     = {96-101},
  doi       = {10.1109/ICSTCC.2016.7790647}
}

@misc{url:ros2nodes,
  title   = {ROS 2 Nodes},
  year    = {2021},
  url     = {https://index.ros.org/doc/ros2/Tutorials/Understanding-ROS2-Nodes/},
  urldate = {2021-01-21}
}

@article{newton1687,
  author  = {Isaac Newton},
  journal = {Philosophiæ Naturalis Principia Mathematica},
  title   = {Axioms or Laws of Motion},
  year    = {1687}
}

@misc{roketluarangkasa,
  title   = {Roket Luar Angkasa Discovery},
  year    = 2021,
  url     = {https://airandspace.si.edu/explore-and-learn/topics/discovery/about.cfm},
  urldate = {2021-02-03}
}
